<?xml version="1.0" encoding="UTF-8"?>
<!DOCTYPE html PUBLIC "-//W3C//DTD XHTML 1.0 Transitional//EN"
    "http://www.w3.org/TR/xhtml1/DTD/xhtml1-transitional.dtd">
<html xmlns="http://www.w3.org/1999/xhtml" xml:lang="en" lang="en">
 <head>
  <title>
</title>
<meta http-equiv="Content-Type" content="text/html;charset=utf-8" />
  <meta name='ocr-system' content='tesseract 3.04.00' />
  <meta name='ocr-capabilities' content='ocr_page ocr_carea ocr_par ocr_line ocrx_word'/>
</head>
<body>
  <div class='ocr_page' id='page_1' title='image "./epiphyllidesluci00frituoft_0009.png"; bbox 0 0 2139 2918; ppageno 0'>
   <div class='ocr_carea' id='block_1_1' title="bbox 1810 48 1830 71">
    <p class='ocr_par' dir='ltr' id='par_1_1' title="bbox 1810 48 1830 71">
     <span class='ocr_line' id='line_1_1' title="bbox 1810 48 1830 71; baseline 0.05 -1"><span class='ocrx_word' id='word_1_1' title='bbox 1810 48 1830 71; x_wconf 64' lang='grc' dir='ltr'>ι’)</span> 
     </span>
    </p>
   </div>
   <div class='ocr_carea' id='block_1_2' title="bbox 171 137 1835 2727">
    <p class='ocr_par' dir='ltr' id='par_1_2' title="bbox 171 137 1835 2727">
     <span class='ocr_line' id='line_1_2' title="bbox 175 137 1832 179; baseline -0.001 -10"><span class='ocrx_word' id='word_1_2' title='bbox 175 138 347 170; x_wconf 80' lang='lat' dir='ltr'>Florentini</span> <span class='ocrx_word' id='word_1_3' title='bbox 372 138 522 169; x_wconf 81' lang='lat' dir='ltr'>lectiones</span> <span class='ocrx_word' id='word_1_4' title='bbox 553 137 591 168; x_wconf 84' lang='lat' dir='ltr'>ab</span> <span class='ocrx_word' id='word_1_5' title='bbox 616 137 710 168; x_wconf 83' lang='lat' dir='ltr'>Furia</span> <span class='ocrx_word' id='word_1_6' title='bbox 743 142 826 178; x_wconf 82' lang='lat' dir='ltr'>patre</span> <span class='ocrx_word' id='word_1_7' title='bbox 857 142 887 169; x_wconf 86' lang='lat' dir='ltr'>et</span> <span class='ocrx_word' id='word_1_8' title='bbox 911 139 1173 178; x_wconf 73' lang='lat' dir='ltr'>Augustanorum</span> <span class='ocrx_word' id='word_1_9' title='bbox 1205 137 1243 168; x_wconf 84' lang='lat' dir='ltr'>ab</span> <span class='ocrx_word' id='word_1_10' title='bbox 1268 137 1300 168; x_wconf 89' lang='lat' dir='ltr'>L.</span> <span class='ocrx_word' id='word_1_11' title='bbox 1327 138 1495 178; x_wconf 82' lang='lat' dir='ltr'>Spengelio</span> <span class='ocrx_word' id='word_1_12' title='bbox 1520 139 1635 179; x_wconf 82' lang='lat' dir='ltr'>optime</span> <span class='ocrx_word' id='word_1_13' title='bbox 1661 138 1832 179; x_wconf 75' lang='lat' dir='ltr'>descriptas</span> 
     </span>
     <span class='ocr_line' id='line_1_3' title="bbox 174 189 1831 230; baseline -0.001 -8"><span class='ocrx_word' id='word_1_14' title='bbox 174 191 438 222; x_wconf 79' lang='lat' dir='ltr'>examinaveram.</span> <span class='ocrx_word' id='word_1_15' title='bbox 497 189 645 230; x_wconf 85' lang='lat' dir='ltr'>Denique</span> <span class='ocrx_word' id='word_1_16' title='bbox 673 190 817 220; x_wconf 85' lang='lat' dir='ltr'>omnium</span> <span class='ocrx_word' id='word_1_17' title='bbox 847 190 992 220; x_wconf 83' lang='lat' dir='ltr'>ecdicum</span> <span class='ocrx_word' id='word_1_18' title='bbox 1021 190 1282 230; x_wconf 86' lang='lat' dir='ltr'>antiquissimum</span> <span class='ocrx_word' id='word_1_19' title='bbox 1313 200 1381 220; x_wconf 75' lang='lat' dir='ltr'>esse</span> <span class='ocrx_word' id='word_1_20' title='bbox 1405 193 1525 220; x_wconf 83' lang='lat' dir='ltr'>constat</span> <span class='ocrx_word' id='word_1_21' title='bbox 1550 189 1831 220; x_wconf 59' lang='lat' dir='ltr'>vindobonensem</span> 
     </span>
     <span class='ocr_line' id='line_1_4' title="bbox 176 240 1831 283; baseline -0.001 -10"><span class='ocrx_word' id='word_1_22' title='bbox 176 242 278 279; x_wconf 81' lang='lat' dir='ltr'>illum,</span> <span class='ocrx_word' id='word_1_23' title='bbox 303 243 358 283; x_wconf 90' lang='lat' dir='ltr'>qui</span> <span class='ocrx_word' id='word_1_24' title='bbox 384 243 464 282; x_wconf 64' lang='grc' dir='ltr'>,123ί</span> <span class='ocrx_word' id='word_1_25' title='bbox 491 244 675 272; x_wconf 86' lang='lat' dir='ltr'>numeratur</span> <span class='ocrx_word' id='word_1_26' title='bbox 697 245 727 272; x_wconf 87' lang='lat' dir='ltr'>et</span> <span class='ocrx_word' id='word_1_27' title='bbox 752 240 796 279; x_wconf 73' lang='grc' dir='ltr'>,Βι</span> <span class='ocrx_word' id='word_1_28' title='bbox 822 241 910 272; x_wconf 85' lang='lat' dir='ltr'>litera</span> <span class='ocrx_word' id='word_1_29' title='bbox 934 242 1104 280; x_wconf 63' lang='lat' dir='ltr'>significari</span> <span class='ocrx_word' id='word_1_30' title='bbox 1138 241 1222 272; x_wconf 80' lang='lat' dir='ltr'>solet.</span> <span class='ocrx_word' id='word_1_31' title='bbox 1281 240 1380 280; x_wconf 88' lang='lat' dir='ltr'>Cujus</span> <span class='ocrx_word' id='word_1_32' title='bbox 1404 241 1473 271; x_wconf 86' lang='lat' dir='ltr'>libri</span> <span class='ocrx_word' id='word_1_33' title='bbox 1499 242 1695 272; x_wconf 73' lang='lat' dir='ltr'>collationem</span> <span class='ocrx_word' id='word_1_34' title='bbox 1721 242 1831 282; x_wconf 84' lang='lat' dir='ltr'>partim</span> 
     </span>
     <span class='ocr_line' id='line_1_5' title="bbox 172 293 1831 335; baseline -0.002 -10"><span class='ocrx_word' id='word_1_35' title='bbox 172 295 238 334; x_wconf 77' lang='lat' dir='ltr'>jam</span> <span class='ocrx_word' id='word_1_36' title='bbox 261 293 385 335; x_wconf 81' lang='lat' dir='ltr'><strong>Lipsiae</strong></span> <span class='ocrx_word' id='word_1_37' title='bbox 416 298 446 326; x_wconf 79' lang='lat' dir='ltr'>et</span> <span class='ocrx_word' id='word_1_38' title='bbox 471 304 545 324; x_wconf 82' lang='lat' dir='ltr'>mox</span> <span class='ocrx_word' id='word_1_39' title='bbox 577 294 669 333; x_wconf 80' lang='lat' dir='ltr'>louge</span> <span class='ocrx_word' id='word_1_40' title='bbox 699 293 789 334; x_wconf 87' lang='lat' dir='ltr'>plura</span> <span class='ocrx_word' id='word_1_41' title='bbox 820 293 978 324; x_wconf 80' lang='lat' dir='ltr'>Rostocliii</span> <span class='ocrx_word' id='word_1_42' title='bbox 1009 294 1197 334; x_wconf 77' lang='lat' dir='ltr'>accepimus.</span> <span class='ocrx_word' id='word_1_43' title='bbox 1256 293 1413 333; x_wconf 80' lang='lat' dir='ltr'>Integram</span> <span class='ocrx_word' id='word_1_44' title='bbox 1439 303 1510 324; x_wconf 78' lang='lat' dir='ltr'>vero</span> <span class='ocrx_word' id='word_1_45' title='bbox 1542 294 1610 332; x_wconf 84' lang='lat' dir='ltr'>ejus</span> <span class='ocrx_word' id='word_1_46' title='bbox 1635 293 1831 322; x_wconf 70' lang='lat' dir='ltr'>collationem</span> 
     </span>
     <span class='ocr_line' id='line_1_6' title="bbox 175 344 1830 386; baseline -0.002 -9"><span class='ocrx_word' id='word_1_47' title='bbox 175 347 314 377; x_wconf 80' lang='lat' dir='ltr'>maxime</span> <span class='ocrx_word' id='word_1_48' title='bbox 337 345 376 376; x_wconf 85' lang='lat' dir='ltr'>ab</span> <span class='ocrx_word' id='word_1_49' title='bbox 399 345 574 377; x_wconf 72' lang='lat' dir='ltr'>Schubam»</span> <span class='ocrx_word' id='word_1_50' title='bbox 598 349 665 376; x_wconf 85' lang='lat' dir='ltr'>tum</span> <span class='ocrx_word' id='word_1_51' title='bbox 689 346 782 376; x_wconf 83' lang='lat' dir='ltr'>etiam</span> <span class='ocrx_word' id='word_1_52' title='bbox 802 345 957 375; x_wconf 79' lang='lat' dir='ltr'>Jaeobitio</span> <span class='ocrx_word' id='word_1_53' title='bbox 978 346 1144 386; x_wconf 82' lang='lat' dir='ltr'>perfectam</span> <span class='ocrx_word' id='word_1_54' title='bbox 1163 345 1292 375; x_wconf 80' lang='lat' dir='ltr'>Carolus</span> <span class='ocrx_word' id='word_1_55' title='bbox 1311 345 1453 375; x_wconf 77' lang='lat' dir='ltr'>Jacobitz</span> <span class='ocrx_word' id='word_1_56' title='bbox 1479 356 1503 375; x_wconf 82' lang='lat' dir='ltr'>a.</span> <span class='ocrx_word' id='word_1_57' title='bbox 1531 347 1611 376; x_wconf 59' lang='lat'>1⁸36</span> <span class='ocrx_word' id='word_1_58' title='bbox 1636 346 1702 385; x_wconf 73' lang='lat' dir='ltr'>ipse</span> <span class='ocrx_word' id='word_1_59' title='bbox 1725 344 1830 375; x_wconf 86' lang='lat' dir='ltr'>edidit.</span> 
     </span>
     <span class='ocr_line' id='line_1_7' title="bbox 175 396 1833 439; baseline -0.002 -10"><span class='ocrx_word' id='word_1_60' title='bbox 175 397 264 435; x_wconf 78' lang='lat' dir='ltr'>Quae</span> <span class='ocrx_word' id='word_1_61' title='bbox 287 408 387 439; x_wconf 88' lang='lat' dir='ltr'>quum</span> <span class='ocrx_word' id='word_1_62' title='bbox 411 400 535 428; x_wconf 83' lang='lat' dir='ltr'>tantum</span> <span class='ocrx_word' id='word_1_63' title='bbox 560 407 622 427; x_wconf 88' lang='lat' dir='ltr'>non</span> <span class='ocrx_word' id='word_1_64' title='bbox 648 396 768 438; x_wconf 84' lang='lat' dir='ltr'>ubique</span> <span class='ocrx_word' id='word_1_65' title='bbox 798 406 870 427; x_wconf 88' lang='lat' dir='ltr'>cum</span> <span class='ocrx_word' id='word_1_66' title='bbox 895 397 1059 428; x_wconf 69' lang='lat' dir='ltr'>collatione</span> <span class='ocrx_word' id='word_1_67' title='bbox 1084 401 1189 428; x_wconf 86' lang='lat' dir='ltr'>nostra</span> <span class='ocrx_word' id='word_1_68' title='bbox 1212 398 1402 435; x_wconf 70' lang='lat' dir='ltr'>consentiat,</span> <span class='ocrx_word' id='word_1_69' title='bbox 1427 397 1553 438; x_wconf 81' lang='lat' dir='ltr'>adparet</span> <span class='ocrx_word' id='word_1_70' title='bbox 1584 396 1772 427; x_wconf 73' lang='lat' dir='ltr'>laudabilem</span> <span class='ocrx_word' id='word_1_71' title='bbox 1804 400 1833 426; x_wconf 85' lang='lat' dir='ltr'>et</span> 
     </span>
     <span class='ocr_line' id='line_1_8' title="bbox 175 448 1833 489; baseline -0.001 -8"><span class='ocrx_word' id='word_1_72' title='bbox 175 450 208 481; x_wconf 88' lang='lat' dir='ltr'>in</span> <span class='ocrx_word' id='word_1_73' title='bbox 242 450 428 480; x_wconf 83' lang='lat' dir='ltr'>universum</span> <span class='ocrx_word' id='word_1_74' title='bbox 459 449 613 489; x_wconf 84' lang='lat' dir='ltr'>ejusmodi</span> <span class='ocrx_word' id='word_1_75' title='bbox 645 458 730 487; x_wconf 77' lang='lat' dir='ltr'>esse,</span> <span class='ocrx_word' id='word_1_76' title='bbox 761 450 812 479; x_wconf 83' lang='lat' dir='ltr'>cui</span> <span class='ocrx_word' id='word_1_77' title='bbox 843 450 918 480; x_wconf 82' lang='lat' dir='ltr'>satis</span> <span class='ocrx_word' id='word_1_78' title='bbox 949 453 1016 480; x_wconf 90' lang='lat' dir='ltr'>tuto</span> <span class='ocrx_word' id='word_1_79' title='bbox 1048 449 1203 479; x_wconf 82' lang='lat' dir='ltr'>confidere</span> <span class='ocrx_word' id='word_1_80' title='bbox 1234 449 1331 479; x_wconf 70' lang='lat' dir='ltr'>liveat.</span> <span class='ocrx_word' id='word_1_81' title='bbox 1390 449 1450 479; x_wconf 71' lang='lat' dir='ltr'>Sed</span> <span class='ocrx_word' id='word_1_82' title='bbox 1483 449 1683 480; x_wconf 79' lang='lat' dir='ltr'>vehementer</span> <span class='ocrx_word' id='word_1_83' title='bbox 1717 448 1833 480; x_wconf 82' lang='lat' dir='ltr'>doleas.</span> 
     </span>
     <span class='ocr_line' id='line_1_9' title="bbox 172 499 1833 542; baseline -0.001 -10"><span class='ocrx_word' id='word_1_84' title='bbox 172 501 314 532; x_wconf 85' lang='lat' dir='ltr'>codicem</span> <span class='ocrx_word' id='word_1_85' title='bbox 344 501 438 532; x_wconf 82' lang='lat' dir='ltr'>talem</span> <span class='ocrx_word' id='word_1_86' title='bbox 468 505 596 541; x_wconf 82' lang='lat' dir='ltr'>tamque</span> <span class='ocrx_word' id='word_1_87' title='bbox 626 501 782 531; x_wconf 82' lang='lat' dir='ltr'>eximium</span> <span class='ocrx_word' id='word_1_88' title='bbox 812 502 942 532; x_wconf 83' lang='lat' dir='ltr'>minime</span> <span class='ocrx_word' id='word_1_89' title='bbox 968 502 1124 541; x_wconf 78' lang='lat' dir='ltr'>integrum</span> <span class='ocrx_word' id='word_1_90' title='bbox 1149 512 1183 531; x_wconf 79' lang='lat' dir='ltr'>ac</span> <span class='ocrx_word' id='word_1_91' title='bbox 1208 501 1336 542; x_wconf 85' lang='lat' dir='ltr'>plenum</span> <span class='ocrx_word' id='word_1_92' title='bbox 1367 505 1498 531; x_wconf 86' lang='lat' dir='ltr'>aetatem</span> <span class='ocrx_word' id='word_1_93' title='bbox 1529 501 1648 539; x_wconf 72' lang='lat' dir='ltr'>tulisse,</span> <span class='ocrx_word' id='word_1_94' title='bbox 1678 500 1731 531; x_wconf 73' lang='lat' dir='ltr'>scd</span> <span class='ocrx_word' id='word_1_95' title='bbox 1756 499 1833 530; x_wconf 87' lang='lat' dir='ltr'>adeo</span> 
     </span>
     <span class='ocr_line' id='line_1_10' title="bbox 174 552 1831 594; baseline -0.002 -10"><span class='ocrx_word' id='word_1_96' title='bbox 174 553 323 584; x_wconf 89' lang='lat' dir='ltr'>mutilum</span> <span class='ocrx_word' id='word_1_97' title='bbox 347 556 377 584; x_wconf 89' lang='lat' dir='ltr'>et</span> <span class='ocrx_word' id='word_1_98' title='bbox 402 553 493 594; x_wconf 79' lang='lat' dir='ltr'>quasi</span> <span class='ocrx_word' id='word_1_99' title='bbox 510 556 671 591; x_wconf 83' lang='lat' dir='ltr'>truncum,</span> <span class='ocrx_word' id='word_1_100' title='bbox 692 553 747 583; x_wconf 80' lang='lat' dir='ltr'>vix</span> <span class='ocrx_word' id='word_1_101' title='bbox 769 555 802 583; x_wconf 88' lang='lat' dir='ltr'>ut</span> <span class='ocrx_word' id='word_1_102' title='bbox 822 553 943 583; x_wconf 86' lang='lat' dir='ltr'>tertiam</span> <span class='ocrx_word' id='word_1_103' title='bbox 964 552 1094 583; x_wconf 68' lang='lat' dir='ltr'>hut-iani</span> <span class='ocrx_word' id='word_1_104' title='bbox 1120 556 1237 593; x_wconf 83' lang='lat' dir='ltr'>partem</span> <span class='ocrx_word' id='word_1_105' title='bbox 1257 563 1344 583; x_wconf 81' lang='lat' dir='ltr'>nune</span> <span class='ocrx_word' id='word_1_106' title='bbox 1365 553 1395 582; x_wconf 90' lang='lat' dir='ltr'>in</span> <span class='ocrx_word' id='word_1_107' title='bbox 1419 563 1454 583; x_wconf 88' lang='lat' dir='ltr'>eo</span> <span class='ocrx_word' id='word_1_108' title='bbox 1473 563 1637 593; x_wconf 55' lang='lat' dir='ltr'>superes-sb</span> <span class='ocrx_word' id='word_1_109' title='bbox 1657 552 1831 583; x_wconf 85' lang='lat' dir='ltr'>videamus.</span> 
     </span>
     <span class='ocr_line' id='line_1_11' title="bbox 174 604 1832 645; baseline -0.001 -9"><span class='ocrx_word' id='word_1_110' title='bbox 174 605 246 636; x_wconf 83' lang='lat' dir='ltr'>Alia</span> <span class='ocrx_word' id='word_1_111' title='bbox 270 609 374 636; x_wconf 79' lang='lat' dir='ltr'>tamen</span> <span class='ocrx_word' id='word_1_112' title='bbox 399 604 531 635; x_wconf 82' lang='lat' dir='ltr'>Luciani</span> <span class='ocrx_word' id='word_1_113' title='bbox 554 605 632 636; x_wconf 85' lang='lat' dir='ltr'>ratio</span> <span class='ocrx_word' id='word_1_114' title='bbox 654 609 701 636; x_wconf 79' lang='lat' dir='ltr'>est</span> <span class='ocrx_word' id='word_1_115' title='bbox 725 605 784 635; x_wconf 86' lang='lat' dir='ltr'>alia</span> <span class='ocrx_word' id='word_1_116' title='bbox 808 605 969 644; x_wconf 69' lang='lat' dir='ltr'>Aeschyli,</span> <span class='ocrx_word' id='word_1_117' title='bbox 993 605 1025 635; x_wconf 89' lang='lat' dir='ltr'>in</span> <span class='ocrx_word' id='word_1_118' title='bbox 1051 615 1114 645; x_wconf 91' lang='lat' dir='ltr'>quo</span> <span class='ocrx_word' id='word_1_119' title='bbox 1138 604 1332 644; x_wconf 82' lang='lat' dir='ltr'>reliquorum</span> <span class='ocrx_word' id='word_1_120' title='bbox 1361 604 1449 634; x_wconf 77' lang='lat' dir='ltr'>eodd.</span> <span class='ocrx_word' id='word_1_121' title='bbox 1482 606 1608 635; x_wconf 84' lang='lat' dir='ltr'>nomina</span> <span class='ocrx_word' id='word_1_122' title='bbox 1641 605 1693 645; x_wconf 88' lang='lat' dir='ltr'>qui</span> <span class='ocrx_word' id='word_1_123' title='bbox 1721 605 1832 645; x_wconf 64' lang='lat' dir='ltr'>partim</span> 
     </span>
     <span class='ocr_line' id='line_1_12' title="bbox 173 655 1834 698; baseline -0.002 -10"><span class='ocrx_word' id='word_1_124' title='bbox 173 657 248 688; x_wconf 87' lang='lat' dir='ltr'>inde</span> <span class='ocrx_word' id='word_1_125' title='bbox 271 657 417 698; x_wconf 79' lang='lat' dir='ltr'>descripti</span> <span class='ocrx_word' id='word_1_126' title='bbox 443 660 528 695; x_wconf 75' lang='lat' dir='ltr'>sunt⁷</span> <span class='ocrx_word' id='word_1_127' title='bbox 558 657 655 688; x_wconf 88' lang='lat' dir='ltr'>unius</span> <span class='ocrx_word' id='word_1_128' title='bbox 680 656 811 688; x_wconf 85' lang='lat' dir='ltr'>Medicei</span> <span class='ocrx_word' id='word_1_129' title='bbox 835 656 938 696; x_wconf 77' lang='lat' dir='ltr'>fulgor</span> <span class='ocrx_word' id='word_1_130' title='bbox 962 657 1169 697; x_wconf 78' lang='lat' dir='ltr'>praestringit.</span> <span class='ocrx_word' id='word_1_131' title='bbox 1217 656 1330 686; x_wconf 81' lang='lat' dir='ltr'>Contra</span> <span class='ocrx_word' id='word_1_132' title='bbox 1355 656 1386 686; x_wconf 91' lang='lat' dir='ltr'>in</span> <span class='ocrx_word' id='word_1_133' title='bbox 1412 655 1552 686; x_wconf 69' lang='lat' dir='ltr'>Luciam,</span> <span class='ocrx_word' id='word_1_134' title='bbox 1579 656 1834 687; x_wconf 72' lang='lat' dir='ltr'>vindobonensis</span> 
     </span>
     <span class='ocr_line' id='line_1_13' title="bbox 174 707 1832 750; baseline -0.001 -10"><span class='ocrx_word' id='word_1_135' title='bbox 174 709 201 740; x_wconf 92' lang='lat' dir='ltr'>B</span> <span class='ocrx_word' id='word_1_136' title='bbox 225 709 310 740; x_wconf 82' lang='lat' dir='ltr'>haud</span> <span class='ocrx_word' id='word_1_137' title='bbox 333 709 444 750; x_wconf 78' lang='lat' dir='ltr'>paucis</span> <span class='ocrx_word' id='word_1_138' title='bbox 472 709 503 739; x_wconf 89' lang='lat' dir='ltr'>in</span> <span class='ocrx_word' id='word_1_139' title='bbox 535 709 611 739; x_wconf 87' lang='lat' dir='ltr'>locis</span> <span class='ocrx_word' id='word_1_140' title='bbox 641 712 745 750; x_wconf 85' lang='lat' dir='ltr'>aperte</span> <span class='ocrx_word' id='word_1_141' title='bbox 768 709 902 739; x_wconf 79' lang='lat' dir='ltr'>vitiosus</span> <span class='ocrx_word' id='word_1_142' title='bbox 926 712 972 739; x_wconf 82' lang='lat' dir='ltr'>est</span> <span class='ocrx_word' id='word_1_143' title='bbox 996 718 1100 749; x_wconf 83' lang='lat' dir='ltr'>neque</span> <span class='ocrx_word' id='word_1_144' title='bbox 1131 709 1157 738; x_wconf 78' lang='lat' dir='ltr'>si</span> <span class='ocrx_word' id='word_1_145' title='bbox 1188 712 1322 748; x_wconf 74' lang='lat' dir='ltr'>praestat</span> <span class='ocrx_word' id='word_1_146' title='bbox 1353 707 1440 738; x_wconf 82' lang='lat' dir='ltr'>libris</span> <span class='ocrx_word' id='word_1_147' title='bbox 1470 709 1599 738; x_wconf 75' lang='lat' dir='ltr'>caeteris</span> <span class='ocrx_word' id='word_1_148' title='bbox 1631 708 1748 738; x_wconf 80' lang='lat' dir='ltr'>ideirco</span> <span class='ocrx_word' id='word_1_149' title='bbox 1780 707 1832 738; x_wconf 85' lang='lat' dir='ltr'>alii</span> 
     </span>
     <span class='ocr_line' id='line_1_14' title="bbox 174 760 1831 802; baseline -0.002 -10"><span class='ocrx_word' id='word_1_150' title='bbox 174 761 262 792; x_wconf 86' lang='lat' dir='ltr'>codd.</span> <span class='ocrx_word' id='word_1_151' title='bbox 295 770 406 792; x_wconf 83' lang='lat' dir='ltr'>omnes</span> <span class='ocrx_word' id='word_1_152' title='bbox 437 771 510 802; x_wconf 81' lang='lat' dir='ltr'>prae</span> <span class='ocrx_word' id='word_1_153' title='bbox 541 771 577 792; x_wconf 91' lang='lat' dir='ltr'>eo</span> <span class='ocrx_word' id='word_1_154' title='bbox 609 761 831 791; x_wconf 81' lang='lat' dir='ltr'>contemnendi</span> <span class='ocrx_word' id='word_1_155' title='bbox 862 766 946 791; x_wconf 84' lang='lat' dir='ltr'>sunt.</span> <span class='ocrx_word' id='word_1_156' title='bbox 1000 760 1192 800; x_wconf 80' lang='lat' dir='ltr'><strong>Quanquam</strong></span> <span class='ocrx_word' id='word_1_157' title='bbox 1224 761 1268 789; x_wconf 77' lang='lat' dir='ltr'>sic</span> <span class='ocrx_word' id='word_1_158' title='bbox 1293 770 1421 800; x_wconf 84' lang='lat' dir='ltr'>qnoque</span> <span class='ocrx_word' id='word_1_159' title='bbox 1445 760 1483 790; x_wconf 88' lang='lat' dir='ltr'>ab</span> <span class='ocrx_word' id='word_1_160' title='bbox 1509 761 1566 790; x_wconf 79' lang='lat' dir='ltr'>lioe</span> <span class='ocrx_word' id='word_1_161' title='bbox 1595 760 1831 791; x_wconf 69' lang='lat' dir='ltr'>vindobonensi</span> 
     </span>
     <span class='ocr_line' id='line_1_15' title="bbox 173 812 1832 854; baseline -0.001 -10"><span class='ocrx_word' id='word_1_162' title='bbox 173 813 330 854; x_wconf 84' lang='lat' dir='ltr'>proficisci</span> <span class='ocrx_word' id='word_1_163' title='bbox 352 813 540 854; x_wconf 80' lang='lat' dir='ltr'>plerumque</span> <span class='ocrx_word' id='word_1_164' title='bbox 563 814 759 844; x_wconf 82' lang='lat' dir='ltr'>tutissimum</span> <span class='ocrx_word' id='word_1_165' title='bbox 782 817 836 844; x_wconf 85' lang='lat' dir='ltr'>est.</span> <span class='ocrx_word' id='word_1_166' title='bbox 884 813 927 843; x_wconf 82' lang='lat' dir='ltr'>At</span> <span class='ocrx_word' id='word_1_167' title='bbox 952 813 1036 843; x_wconf 91' lang='lat' dir='ltr'>unde</span> <span class='ocrx_word' id='word_1_168' title='bbox 1059 812 1186 843; x_wconf 86' lang='lat' dir='ltr'>tandem</span> <span class='ocrx_word' id='word_1_169' title='bbox 1210 812 1447 852; x_wconf 78' lang='lat' dir='ltr'>proficiscamur</span> <span class='ocrx_word' id='word_1_170' title='bbox 1471 813 1501 843; x_wconf 86' lang='lat' dir='ltr'>in</span> <span class='ocrx_word' id='word_1_171' title='bbox 1522 813 1681 853; x_wconf 79' lang='lat' dir='ltr'>plerisque</span> <span class='ocrx_word' id='word_1_172' title='bbox 1704 812 1832 843; x_wconf 65' lang='lat' dir='ltr'>lau-iani</span> 
     </span>
     <span class='ocr_line' id='line_1_16' title="bbox 174 864 1833 906; baseline -0.001 -10"><span class='ocrx_word' id='word_1_173' title='bbox 174 865 316 906; x_wconf 81' lang='lat' dir='ltr'>dialogis,</span> <span class='ocrx_word' id='word_1_174' title='bbox 341 865 396 906; x_wconf 88' lang='lat' dir='ltr'>qui</span> <span class='ocrx_word' id='word_1_175' title='bbox 420 875 507 896; x_wconf 89' lang='lat' dir='ltr'>nunc</span> <span class='ocrx_word' id='word_1_176' title='bbox 532 866 563 896; x_wconf 93' lang='lat' dir='ltr'>in</span> <span class='ocrx_word' id='word_1_177' title='bbox 588 865 828 896; x_wconf 79' lang='lat' dir='ltr'>Vindobonensi</span> <span class='ocrx_word' id='word_1_178' title='bbox 859 865 988 895; x_wconf 86' lang='lat' dir='ltr'>omnino</span> <span class='ocrx_word' id='word_1_179' title='bbox 1020 874 1082 894; x_wconf 89' lang='lat' dir='ltr'>non</span> <span class='ocrx_word' id='word_1_180' title='bbox 1115 864 1289 904; x_wconf 69' lang='lat' dir='ltr'>leguntur?</span> <span class='ocrx_word' id='word_1_181' title='bbox 1336 864 1371 894; x_wconf 90' lang='lat' dir='ltr'>In</span> <span class='ocrx_word' id='word_1_182' title='bbox 1404 864 1452 895; x_wconf 83' lang='lat' dir='ltr'>liis</span> <span class='ocrx_word' id='word_1_183' title='bbox 1481 865 1558 905; x_wconf 77' lang='lat' dir='ltr'>ipsis</span> <span class='ocrx_word' id='word_1_184' title='bbox 1591 864 1722 903; x_wconf 70' lang='lat' dir='ltr'>dialogis</span> <span class='ocrx_word' id='word_1_185' title='bbox 1751 874 1833 904; x_wconf 86' lang='lat' dir='ltr'>aqua</span> 
     </span>
     <span class='ocr_line' id='line_1_17' title="bbox 174 916 1834 958; baseline -0.003 -10"><span class='ocrx_word' id='word_1_186' title='bbox 174 918 290 948; x_wconf 82' lang='lat' dir='ltr'>criticis</span> <span class='ocrx_word' id='word_1_187' title='bbox 314 917 391 948; x_wconf 86' lang='lat' dir='ltr'>solet</span> <span class='ocrx_word' id='word_1_188' title='bbox 414 917 550 957; x_wconf 79' lang='lat' dir='ltr'>haerere⁷</span> <span class='ocrx_word' id='word_1_189' title='bbox 582 927 717 958; x_wconf 88' lang='lat' dir='ltr'>quorum</span> <span class='ocrx_word' id='word_1_190' title='bbox 742 921 828 948; x_wconf 87' lang='lat' dir='ltr'>tanto</span> <span class='ocrx_word' id='word_1_191' title='bbox 850 918 948 956; x_wconf 85' lang='lat' dir='ltr'>major</span> <span class='ocrx_word' id='word_1_192' title='bbox 967 921 1013 947; x_wconf 84' lang='lat' dir='ltr'>est</span> <span class='ocrx_word' id='word_1_193' title='bbox 1033 916 1140 956; x_wconf 85' lang='lat' dir='ltr'>inopia</span> <span class='ocrx_word' id='word_1_194' title='bbox 1159 916 1294 950; x_wconf 74' lang='lat' dir='ltr'>consilii,</span> <span class='ocrx_word' id='word_1_195' title='bbox 1319 916 1403 957; x_wconf 88' lang='lat' dir='ltr'>quod</span> <span class='ocrx_word' id='word_1_196' title='bbox 1424 917 1508 947; x_wconf 82' lang='lat' dir='ltr'>lmne</span> <span class='ocrx_word' id='word_1_197' title='bbox 1530 917 1711 957; x_wconf 71' lang='lat' dir='ltr'>scriptorem</span> <span class='ocrx_word' id='word_1_198' title='bbox 1733 916 1834 947; x_wconf 86' lang='lat' dir='ltr'>medio</span> 
     </span>
     <span class='ocr_line' id='line_1_18' title="bbox 173 967 1833 1009; baseline -0.002 -8"><span class='ocrx_word' id='word_1_199' title='bbox 173 979 250 1001; x_wconf 79' lang='lat' dir='ltr'>aevo</span> <span class='ocrx_word' id='word_1_200' title='bbox 274 973 304 1000; x_wconf 89' lang='lat' dir='ltr'>et</span> <span class='ocrx_word' id='word_1_201' title='bbox 327 969 501 1000; x_wconf 85' lang='lat' dir='ltr'>lectitatum</span> <span class='ocrx_word' id='word_1_202' title='bbox 524 979 593 1000; x_wconf 81' lang='lat' dir='ltr'>esse</span> <span class='ocrx_word' id='word_1_203' title='bbox 617 970 722 1000; x_wconf 81' lang='lat' dir='ltr'>sciunt</span> <span class='ocrx_word' id='word_1_204' title='bbox 746 973 775 1000; x_wconf 87' lang='lat' dir='ltr'>et</span> <span class='ocrx_word' id='word_1_205' title='bbox 794 979 867 1000; x_wconf 73' lang='lat' dir='ltr'>vero</span> <span class='ocrx_word' id='word_1_206' title='bbox 892 970 987 1000; x_wconf 78' lang='lat' dir='ltr'>etiam</span> <span class='ocrx_word' id='word_1_207' title='bbox 1007 968 1238 1009; x_wconf 87' lang='lat' dir='ltr'>interpolatum.</span> <span class='ocrx_word' id='word_1_208' title='bbox 1277 968 1350 999; x_wconf 79' lang='lat' dir='ltr'>Huc</span> <span class='ocrx_word' id='word_1_209' title='bbox 1369 969 1488 999; x_wconf 77' lang='lat' dir='ltr'>accedit</span> <span class='ocrx_word' id='word_1_210' title='bbox 1502 968 1586 1008; x_wconf 88' lang='lat' dir='ltr'>quod</span> <span class='ocrx_word' id='word_1_211' title='bbox 1600 967 1833 999; x_wconf 72' lang='lat' dir='ltr'>Lu&lt;·ian‹.=o1·um</span> 
     </span>
     <span class='ocr_line' id='line_1_19' title="bbox 173 1020 1831 1062; baseline -0.001 -10"><span class='ocrx_word' id='word_1_212' title='bbox 173 1021 262 1053; x_wconf 85' lang='lat' dir='ltr'>codd.</span> <span class='ocrx_word' id='word_1_213' title='bbox 289 1031 369 1062; x_wconf 87' lang='lat' dir='ltr'>quos</span> <span class='ocrx_word' id='word_1_214' title='bbox 392 1021 565 1062; x_wconf 84' lang='lat' dir='ltr'>permultos</span> <span class='ocrx_word' id='word_1_215' title='bbox 595 1021 749 1052; x_wconf 85' lang='lat' dir='ltr'>habemus</span> <span class='ocrx_word' id='word_1_216' title='bbox 779 1031 843 1051; x_wconf 88' lang='lat' dir='ltr'>non</span> <span class='ocrx_word' id='word_1_217' title='bbox 876 1031 977 1051; x_wconf 88' lang='lat' dir='ltr'>unum</span> <span class='ocrx_word' id='word_1_218' title='bbox 1010 1020 1063 1051; x_wconf 87' lang='lat' dir='ltr'>sed</span> <span class='ocrx_word' id='word_1_219' title='bbox 1096 1020 1213 1061; x_wconf 78' lang='lat' dir='ltr'>duplex</span> <span class='ocrx_word' id='word_1_220' title='bbox 1239 1030 1307 1051; x_wconf 79' lang='lat' dir='ltr'>esse</span> <span class='ocrx_word' id='word_1_221' title='bbox 1336 1030 1438 1060; x_wconf 70' lang='lat' dir='ltr'>genus</span> <span class='ocrx_word' id='word_1_222' title='bbox 1462 1021 1544 1050; x_wconf 83' lang='lat' dir='ltr'>inter</span> <span class='ocrx_word' id='word_1_223' title='bbox 1567 1030 1676 1051; x_wconf 84' lang='lat' dir='ltr'>omnes</span> <span class='ocrx_word' id='word_1_224' title='bbox 1700 1024 1831 1051; x_wconf 51' lang='lat' dir='ltr'>etmstat.</span> 
     </span>
     <span class='ocr_line' id='line_1_20' title="bbox 173 1073 1835 1113; baseline -0.001 -9"><span class='ocrx_word' id='word_1_225' title='bbox 173 1074 274 1105; x_wconf 86' lang='lat' dir='ltr'>Alteri</span> <span class='ocrx_word' id='word_1_226' title='bbox 297 1074 383 1105; x_wconf 89' lang='lat' dir='ltr'>enim</span> <span class='ocrx_word' id='word_1_227' title='bbox 407 1076 483 1104; x_wconf 84' lang='lat' dir='ltr'>suut</span> <span class='ocrx_word' id='word_1_228' title='bbox 506 1073 660 1106; x_wconf 75' lang='lat' dir='ltr'>meliores,</span> <span class='ocrx_word' id='word_1_229' title='bbox 684 1073 850 1104; x_wconf 86' lang='lat' dir='ltr'>deteriores</span> <span class='ocrx_word' id='word_1_230' title='bbox 874 1073 961 1103; x_wconf 88' lang='lat' dir='ltr'>alteri</span> <span class='ocrx_word' id='word_1_231' title='bbox 986 1073 1027 1103; x_wconf 81' lang='lat' dir='ltr'>ita</span> <span class='ocrx_word' id='word_1_232' title='bbox 1051 1076 1167 1111; x_wconf 65' lang='lat' dir='ltr'>tamen,</span> <span class='ocrx_word' id='word_1_233' title='bbox 1196 1076 1231 1102; x_wconf 89' lang='lat' dir='ltr'>ut</span> <span class='ocrx_word' id='word_1_234' title='bbox 1264 1082 1497 1113; x_wconf 87' lang='lat' dir='ltr'>nonuunquam</span> <span class='ocrx_word' id='word_1_235' title='bbox 1523 1073 1581 1113; x_wconf 79' lang='lat' dir='ltr'>ipsi</span> <span class='ocrx_word' id='word_1_236' title='bbox 1606 1073 1712 1113; x_wconf 82' lang='lat' dir='ltr'>potius</span> <span class='ocrx_word' id='word_1_237' title='bbox 1737 1082 1835 1113; x_wconf 89' lang='lat' dir='ltr'>quam</span> 
     </span>
     <span class='ocr_line' id='line_1_21' title="bbox 174 1124 1834 1166; baseline -0.002 -9"><span class='ocrx_word' id='word_1_238' title='bbox 174 1125 261 1158; x_wconf 82' lang='lat' dir='ltr'>alteri</span> <span class='ocrx_word' id='word_1_239' title='bbox 292 1129 374 1157; x_wconf 87' lang='lat' dir='ltr'>certo</span> <span class='ocrx_word' id='word_1_240' title='bbox 405 1125 497 1156; x_wconf 92' lang='lat' dir='ltr'>nobis</span> <span class='ocrx_word' id='word_1_241' title='bbox 528 1125 683 1166; x_wconf 86' lang='lat' dir='ltr'>sequendi</span> <span class='ocrx_word' id='word_1_242' title='bbox 713 1126 784 1156; x_wconf 85' lang='lat' dir='ltr'>siut.</span> <span class='ocrx_word' id='word_1_243' title='bbox 839 1125 951 1165; x_wconf 79' lang='lat' dir='ltr'>Itaque</span> <span class='ocrx_word' id='word_1_244' title='bbox 980 1134 1037 1165; x_wconf 73' lang='lat' dir='ltr'>ego</span> <span class='ocrx_word' id='word_1_245' title='bbox 1069 1135 1168 1155; x_wconf 81' lang='lat' dir='ltr'>novas</span> <span class='ocrx_word' id='word_1_246' title='bbox 1199 1126 1403 1165; x_wconf 83' lang='lat' dir='ltr'>antiquorum</span> <span class='ocrx_word' id='word_1_247' title='bbox 1437 1125 1525 1155; x_wconf 79' lang='lat' dir='ltr'>codd.</span> <span class='ocrx_word' id='word_1_248' title='bbox 1552 1124 1734 1155; x_wconf 77' lang='lat' dir='ltr'>collationes</span> <span class='ocrx_word' id='word_1_249' title='bbox 1765 1124 1834 1155; x_wconf 86' lang='lat' dir='ltr'>ideo</span> 
     </span>
     <span class='ocr_line' id='line_1_22' title="bbox 172 1177 1834 1219; baseline -0.001 -11"><span class='ocrx_word' id='word_1_250' title='bbox 172 1177 372 1219; x_wconf 84' lang='lat' dir='ltr'>potissimum</span> <span class='ocrx_word' id='word_1_251' title='bbox 397 1177 556 1216; x_wconf 78' lang='lat' dir='ltr'>consului,</span> <span class='ocrx_word' id='word_1_252' title='bbox 588 1181 624 1208; x_wconf 83' lang='lat' dir='ltr'>ut</span> <span class='ocrx_word' id='word_1_253' title='bbox 647 1178 774 1208; x_wconf 86' lang='lat' dir='ltr'>tandem</span> <span class='ocrx_word' id='word_1_254' title='bbox 798 1177 970 1218; x_wconf 83' lang='lat' dir='ltr'>aliquando</span> <span class='ocrx_word' id='word_1_255' title='bbox 993 1177 1113 1217; x_wconf 82' lang='lat' dir='ltr'>liquere</span> <span class='ocrx_word' id='word_1_256' title='bbox 1137 1177 1245 1217; x_wconf 76' lang='lat' dir='ltr'>possit,</span> <span class='ocrx_word' id='word_1_257' title='bbox 1278 1178 1350 1217; x_wconf 78' lang='lat' dir='ltr'>quis</span> <span class='ocrx_word' id='word_1_258' title='bbox 1375 1177 1473 1207; x_wconf 81' lang='lat' dir='ltr'>codex</span> <span class='ocrx_word' id='word_1_259' title='bbox 1506 1187 1593 1207; x_wconf 87' lang='lat' dir='ltr'>unus</span> <span class='ocrx_word' id='word_1_260' title='bbox 1620 1177 1767 1217; x_wconf 79' lang='lat' dir='ltr'>pluresve</span> <span class='ocrx_word' id='word_1_261' title='bbox 1796 1178 1834 1207; x_wconf 84' lang='lat' dir='ltr'>iis</span> 
     </span>
     <span class='ocr_line' id='line_1_23' title="bbox 173 1229 1832 1270; baseline -0.001 -10"><span class='ocrx_word' id='word_1_262' title='bbox 173 1230 206 1260; x_wconf 91' lang='lat' dir='ltr'>in</span> <span class='ocrx_word' id='word_1_263' title='bbox 231 1229 363 1270; x_wconf 83' lang='lat' dir='ltr'>dialogis</span> <span class='ocrx_word' id='word_1_264' title='bbox 387 1230 443 1270; x_wconf 82' lang='lat' dir='ltr'>qui</span> <span class='ocrx_word' id='word_1_265' title='bbox 466 1229 504 1260; x_wconf 86' lang='lat' dir='ltr'>ab</span> <span class='ocrx_word' id='word_1_266' title='bbox 528 1229 769 1260; x_wconf 69' lang='lat' dir='ltr'>vindobonensi</span> <span class='ocrx_word' id='word_1_267' title='bbox 794 1229 910 1260; x_wconf 87' lang='lat' dir='ltr'>absunt</span> <span class='ocrx_word' id='word_1_268' title='bbox 934 1229 1084 1259; x_wconf 84' lang='lat' dir='ltr'>familiam</span> <span class='ocrx_word' id='word_1_269' title='bbox 1109 1229 1223 1259; x_wconf 68' lang='lat' dir='ltr'>ducere</span> <span class='ocrx_word' id='word_1_270' title='bbox 1247 1229 1398 1259; x_wconf 67' lang='lat' dir='ltr'>videatiu:</span> <span class='ocrx_word' id='word_1_271' title='bbox 1456 1229 1517 1259; x_wconf 83' lang='lat' dir='ltr'>His</span> <span class='ocrx_word' id='word_1_272' title='bbox 1542 1229 1580 1259; x_wconf 92' lang='lat' dir='ltr'>de</span> <span class='ocrx_word' id='word_1_273' title='bbox 1603 1230 1708 1259; x_wconf 81' lang='lat' dir='ltr'>causis</span> <span class='ocrx_word' id='word_1_274' title='bbox 1733 1239 1832 1270; x_wconf 89' lang='lat' dir='ltr'>quum</span> 
     </span>
     <span class='ocr_line' id='line_1_24' title="bbox 173 1280 1833 1322; baseline -0.001 -9"><span class='ocrx_word' id='word_1_275' title='bbox 173 1285 260 1314; x_wconf 79' lang='lat' dir='ltr'>tanta</span> <span class='ocrx_word' id='word_1_276' title='bbox 283 1281 452 1313; x_wconf 86' lang='lat' dir='ltr'>difficultas</span> <span class='ocrx_word' id='word_1_277' title='bbox 476 1282 516 1312; x_wconf 80' lang='lat' dir='ltr'>sit</span> <span class='ocrx_word' id='word_1_278' title='bbox 541 1281 672 1312; x_wconf 86' lang='lat' dir='ltr'>Luciani</span> <span class='ocrx_word' id='word_1_279' title='bbox 708 1282 739 1312; x_wconf 91' lang='lat' dir='ltr'>in</span> <span class='ocrx_word' id='word_1_280' title='bbox 764 1282 924 1322; x_wconf 79' lang='lat' dir='ltr'>integrum</span> <span class='ocrx_word' id='word_1_281' title='bbox 946 1281 1132 1312; x_wconf 79' lang='lat' dir='ltr'>restituendi</span> <span class='ocrx_word' id='word_1_282' title='bbox 1158 1284 1244 1311; x_wconf 77' lang='lat' dir='ltr'>tanta</span> <span class='ocrx_word' id='word_1_283' title='bbox 1268 1280 1454 1318; x_wconf 70' lang='lat' dir='ltr'>obscuritas,</span> <span class='ocrx_word' id='word_1_284' title='bbox 1485 1281 1633 1321; x_wconf 85' lang='lat' dir='ltr'>equidem</span> <span class='ocrx_word' id='word_1_285' title='bbox 1658 1291 1745 1311; x_wconf 79' lang='lat' dir='ltr'>nune</span> <span class='ocrx_word' id='word_1_286' title='bbox 1769 1291 1833 1312; x_wconf 88' lang='lat' dir='ltr'>non</span> 
     </span>
     <span class='ocr_line' id='line_1_25' title="bbox 173 1333 1833 1375; baseline -0.001 -10"><span class='ocrx_word' id='word_1_287' title='bbox 173 1333 310 1375; x_wconf 83' lang='lat' dir='ltr'>amplius</span> <span class='ocrx_word' id='word_1_288' title='bbox 341 1334 430 1365; x_wconf 84' lang='lat' dir='ltr'>doleo</span> <span class='ocrx_word' id='word_1_289' title='bbox 461 1343 565 1374; x_wconf 84' lang='lat' dir='ltr'>neque</span> <span class='ocrx_word' id='word_1_290' title='bbox 596 1335 768 1374; x_wconf 76' lang='lat' dir='ltr'>ingemiseo</span> <span class='ocrx_word' id='word_1_291' title='bbox 797 1333 851 1364; x_wconf 80' lang='lat' dir='ltr'>sed</span> <span class='ocrx_word' id='word_1_292' title='bbox 881 1333 976 1364; x_wconf 85' lang='lat' dir='ltr'>laetor</span> <span class='ocrx_word' id='word_1_293' title='bbox 1007 1334 1112 1374; x_wconf 80' lang='lat' dir='ltr'>potius</span> <span class='ocrx_word' id='word_1_294' title='bbox 1143 1337 1238 1373; x_wconf 87' lang='lat' dir='ltr'>atque</span> <span class='ocrx_word' id='word_1_295' title='bbox 1269 1333 1443 1373; x_wconf 80' lang='lat' dir='ltr'>triumpho.</span> <span class='ocrx_word' id='word_1_296' title='bbox 1486 1334 1570 1373; x_wconf 88' lang='lat' dir='ltr'>quod</span> <span class='ocrx_word' id='word_1_297' title='bbox 1602 1337 1707 1363; x_wconf 80' lang='lat' dir='ltr'>nostra</span> <span class='ocrx_word' id='word_1_298' title='bbox 1738 1333 1833 1363; x_wconf 83' lang='lat' dir='ltr'>editio</span> 
     </span>
     <span class='ocr_line' id='line_1_26' title="bbox 173 1385 1832 1427; baseline -0.001 -10"><span class='ocrx_word' id='word_1_299' title='bbox 173 1395 254 1427; x_wconf 80' lang='lat' dir='ltr'>quae</span> <span class='ocrx_word' id='word_1_300' title='bbox 278 1386 311 1416; x_wconf 87' lang='lat' dir='ltr'>in</span> <span class='ocrx_word' id='word_1_301' title='bbox 335 1388 399 1417; x_wconf 87' lang='lat' dir='ltr'>arte</span> <span class='ocrx_word' id='word_1_302' title='bbox 423 1386 529 1416; x_wconf 81' lang='lat' dir='ltr'>critica</span> <span class='ocrx_word' id='word_1_303' title='bbox 554 1386 646 1416; x_wconf 84' lang='lat' dir='ltr'>unice</span> <span class='ocrx_word' id='word_1_304' title='bbox 670 1388 843 1426; x_wconf 70' lang='lat' dir='ltr'>occupatur</span> <span class='ocrx_word' id='word_1_305' title='bbox 866 1389 929 1416; x_wconf 88' lang='lat' dir='ltr'>tam</span> <span class='ocrx_word' id='word_1_306' title='bbox 951 1385 1082 1425; x_wconf 80' lang='lat' dir='ltr'>longum</span> <span class='ocrx_word' id='word_1_307' title='bbox 1106 1385 1138 1415; x_wconf 90' lang='lat' dir='ltr'>in</span> <span class='ocrx_word' id='word_1_308' title='bbox 1163 1388 1287 1424; x_wconf 81' lang='lat' dir='ltr'>tempus</span> <span class='ocrx_word' id='word_1_309' title='bbox 1311 1385 1405 1415; x_wconf 82' lang='lat' dir='ltr'>dilata</span> <span class='ocrx_word' id='word_1_310' title='bbox 1429 1389 1485 1415; x_wconf 85' lang='lat' dir='ltr'>est.</span> <span class='ocrx_word' id='word_1_311' title='bbox 1547 1385 1641 1421; x_wconf 81' lang='lat' dir='ltr'>Quid.</span> <span class='ocrx_word' id='word_1_312' title='bbox 1667 1385 1751 1425; x_wconf 89' lang='lat' dir='ltr'>quod</span> <span class='ocrx_word' id='word_1_313' title='bbox 1775 1395 1832 1425; x_wconf 69' lang='lat' dir='ltr'>ego</span> 
     </span>
     <span class='ocr_line' id='line_1_27' title="bbox 172 1436 1833 1479; baseline -0.001 -10"><span class='ocrx_word' id='word_1_314' title='bbox 172 1440 341 1479; x_wconf 82' lang='lat' dir='ltr'>postquam</span> <span class='ocrx_word' id='word_1_315' title='bbox 363 1437 541 1469; x_wconf 81' lang='lat' dir='ltr'>Lucianum</span> <span class='ocrx_word' id='word_1_316' title='bbox 566 1437 692 1468; x_wconf 84' lang='lat' dir='ltr'>taudem</span> <span class='ocrx_word' id='word_1_317' title='bbox 717 1437 887 1478; x_wconf 85' lang='lat' dir='ltr'>aliquando</span> <span class='ocrx_word' id='word_1_318' title='bbox 912 1437 1002 1468; x_wconf 80' lang='lat' dir='ltr'>edere</span> <span class='ocrx_word' id='word_1_319' title='bbox 1026 1438 1125 1478; x_wconf 66' lang='lat' dir='ltr'>coepi7</span> <span class='ocrx_word' id='word_1_320' title='bbox 1149 1447 1213 1467; x_wconf 85' lang='lat' dir='ltr'>non</span> <span class='ocrx_word' id='word_1_321' title='bbox 1238 1436 1432 1467; x_wconf 78' lang='lat' dir='ltr'>confidenter</span> <span class='ocrx_word' id='word_1_322' title='bbox 1460 1437 1577 1477; x_wconf 71' lang='lat' dir='ltr'>primos</span> <span class='ocrx_word' id='word_1_323' title='bbox 1601 1437 1740 1477; x_wconf 70' lang='lat' dir='ltr'>dialogos</span> <span class='ocrx_word' id='word_1_324' title='bbox 1764 1447 1833 1478; x_wconf 86' lang='lat' dir='ltr'>per-</span> 
     </span>
     <span class='ocr_line' id='line_1_28' title="bbox 171 1489 1831 1530; baseline -0.001 -10"><span class='ocrx_word' id='word_1_325' title='bbox 171 1490 302 1521; x_wconf 78' lang='lat' dir='ltr'>tractavi</span> <span class='ocrx_word' id='word_1_326' title='bbox 326 1489 381 1520; x_wconf 90' lang='lat' dir='ltr'>sed</span> <span class='ocrx_word' id='word_1_327' title='bbox 405 1489 514 1520; x_wconf 80' lang='lat' dir='ltr'>timide</span> <span class='ocrx_word' id='word_1_328' title='bbox 537 1489 625 1529; x_wconf 79' lang='lat' dir='ltr'>attigi</span> <span class='ocrx_word' id='word_1_329' title='bbox 650 1493 735 1520; x_wconf 87' lang='lat' dir='ltr'>tanta</span> <span class='ocrx_word' id='word_1_330' title='bbox 759 1490 975 1524; x_wconf 71' lang='lat' dir='ltr'>haesitatione,</span> <span class='ocrx_word' id='word_1_331' title='bbox 1001 1493 1120 1530; x_wconf 83' lang='lat' dir='ltr'>quanta</span> <span class='ocrx_word' id='word_1_332' title='bbox 1144 1490 1272 1528; x_wconf 70' lang='lat' dir='ltr'>cogitari</span> <span class='ocrx_word' id='word_1_333' title='bbox 1297 1492 1398 1529; x_wconf 86' lang='lat' dir='ltr'>potest</span> <span class='ocrx_word' id='word_1_334' title='bbox 1422 1489 1569 1519; x_wconf 80' lang='lat' dir='ltr'>maxima.</span> <span class='ocrx_word' id='word_1_335' title='bbox 1614 1489 1831 1520; x_wconf 76' lang='lat' dir='ltr'>&#39;Veruntamen</span> 
     </span>
     <span class='ocr_line' id='line_1_29' title="bbox 174 1541 1832 1582; baseline -0.002 -9"><span class='ocrx_word' id='word_1_336' title='bbox 174 1542 280 1573; x_wconf 86' lang='lat' dir='ltr'>nescio</span> <span class='ocrx_word' id='word_1_337' title='bbox 305 1551 367 1582; x_wconf 90' lang='lat' dir='ltr'>quo</span> <span class='ocrx_word' id='word_1_338' title='bbox 392 1541 484 1572; x_wconf 89' lang='lat' dir='ltr'>modo</span> <span class='ocrx_word' id='word_1_339' title='bbox 507 1541 572 1572; x_wconf 85' lang='lat' dir='ltr'>tieri</span> <span class='ocrx_word' id='word_1_340' title='bbox 598 1541 685 1575; x_wconf 73' lang='lat' dir='ltr'>solet,</span> <span class='ocrx_word' id='word_1_341' title='bbox 717 1547 750 1571; x_wconf 90' lang='lat' dir='ltr'>ut</span> <span class='ocrx_word' id='word_1_342' title='bbox 780 1552 860 1582; x_wconf 83' lang='lat' dir='ltr'>quae</span> <span class='ocrx_word' id='word_1_343' title='bbox 885 1542 989 1572; x_wconf 79' lang='lat' dir='ltr'>studia</span> <span class='ocrx_word' id='word_1_344' title='bbox 1017 1542 1129 1580; x_wconf 77' lang='lat' dir='ltr'>juveni</span> <span class='ocrx_word' id='word_1_345' title='bbox 1153 1541 1226 1571; x_wconf 87' lang='lat' dir='ltr'>olim</span> <span class='ocrx_word' id='word_1_346' title='bbox 1253 1542 1284 1571; x_wconf 92' lang='lat' dir='ltr'>in</span> <span class='ocrx_word' id='word_1_347' title='bbox 1309 1541 1469 1571; x_wconf 77' lang='lat' dir='ltr'>amoribus</span> <span class='ocrx_word' id='word_1_348' title='bbox 1493 1542 1620 1575; x_wconf 69' lang='lat' dir='ltr'>fuerint,</span> <span class='ocrx_word' id='word_1_349' title='bbox 1652 1552 1686 1571; x_wconf 83' lang='lat' dir='ltr'>ea</span> <span class='ocrx_word' id='word_1_350' title='bbox 1716 1541 1832 1574; x_wconf 75' lang='lat' dir='ltr'>subito,</span> 
     </span>
     <span class='ocr_line' id='line_1_30' title="bbox 175 1592 1833 1635; baseline -0.001 -11"><span class='ocrx_word' id='word_1_351' title='bbox 175 1592 231 1625; x_wconf 89' lang='lat' dir='ltr'>ubi</span> <span class='ocrx_word' id='word_1_352' title='bbox 255 1594 328 1634; x_wconf 85' lang='lat' dir='ltr'>quis</span> <span class='ocrx_word' id='word_1_353' title='bbox 351 1603 451 1635; x_wconf 83' lang='lat' dir='ltr'>paene</span> <span class='ocrx_word' id='word_1_354' title='bbox 471 1594 534 1632; x_wconf 85' lang='lat' dir='ltr'>jam</span> <span class='ocrx_word' id='word_1_355' title='bbox 560 1598 763 1623; x_wconf 70' lang='lat' dir='ltr'>consenescat</span> <span class='ocrx_word' id='word_1_356' title='bbox 787 1595 865 1624; x_wconf 88' lang='lat' dir='ltr'>mira</span> <span class='ocrx_word' id='word_1_357' title='bbox 890 1594 1060 1634; x_wconf 78' lang='lat' dir='ltr'>eupiditate</span> <span class='ocrx_word' id='word_1_358' title='bbox 1085 1593 1304 1633; x_wconf 83' lang='lat' dir='ltr'>desiderioque</span> <span class='ocrx_word' id='word_1_359' title='bbox 1328 1594 1470 1623; x_wconf 85' lang='lat' dir='ltr'>animum</span> <span class='ocrx_word' id='word_1_360' title='bbox 1496 1593 1676 1624; x_wconf 78' lang='lat' dir='ltr'>incendant.</span> <span class='ocrx_word' id='word_1_361' title='bbox 1710 1604 1772 1623; x_wconf 88' lang='lat' dir='ltr'>non</span> <span class='ocrx_word' id='word_1_362' title='bbox 1799 1600 1833 1623; x_wconf 82' lang='lat' dir='ltr'>ut</span> 
     </span>
     <span class='ocr_line' id='line_1_31' title="bbox 171 1644 1832 1686; baseline -0.002 -9"><span class='ocrx_word' id='word_1_363' title='bbox 171 1645 288 1677; x_wconf 84' lang='lat' dir='ltr'>frustra</span> <span class='ocrx_word' id='word_1_364' title='bbox 312 1645 434 1676; x_wconf 86' lang='lat' dir='ltr'>diutius</span> <span class='ocrx_word' id='word_1_365' title='bbox 456 1644 668 1675; x_wconf 84' lang='lat' dir='ltr'>resistendum</span> <span class='ocrx_word' id='word_1_366' title='bbox 693 1645 746 1675; x_wconf 74' lang='lat' dir='ltr'>sed</span> <span class='ocrx_word' id='word_1_367' title='bbox 771 1646 883 1675; x_wconf 83' lang='lat' dir='ltr'>iterum</span> <span class='ocrx_word' id='word_1_368' title='bbox 908 1646 1010 1686; x_wconf 77' lang='lat' dir='ltr'>priseo</span> <span class='ocrx_word' id='word_1_369' title='bbox 1034 1646 1131 1675; x_wconf 63' lang='lat' dir='ltr'>anun-i</span> <span class='ocrx_word' id='word_1_370' title='bbox 1156 1645 1388 1685; x_wconf 74' lang='lat' dir='ltr'>indulgendum</span> <span class='ocrx_word' id='word_1_371' title='bbox 1413 1645 1461 1674; x_wconf 75' lang='lat' dir='ltr'>sit.</span> <span class='ocrx_word' id='word_1_372' title='bbox 1511 1645 1599 1675; x_wconf 74' lang='lat' dir='ltr'>Adeo</span> <span class='ocrx_word' id='word_1_373' title='bbox 1622 1656 1679 1685; x_wconf 74' lang='lat' dir='ltr'>ego</span> <span class='ocrx_word' id='word_1_374' title='bbox 1705 1656 1832 1685; x_wconf 80' lang='lat' dir='ltr'>quoque</span> 
     </span>
     <span class='ocr_line' id='line_1_32' title="bbox 171 1697 1831 1739; baseline -0.001 -11"><span class='ocrx_word' id='word_1_375' title='bbox 171 1702 300 1739; x_wconf 85' lang='lat' dir='ltr'>repente</span> <span class='ocrx_word' id='word_1_376' title='bbox 329 1697 396 1729; x_wconf 85' lang='lat' dir='ltr'>dies</span> <span class='ocrx_word' id='word_1_377' title='bbox 420 1701 593 1737; x_wconf 76' lang='lat' dir='ltr'>noctesque</span> <span class='ocrx_word' id='word_1_378' title='bbox 617 1707 718 1727; x_wconf 86' lang='lat' dir='ltr'>unum</span> <span class='ocrx_word' id='word_1_379' title='bbox 750 1697 812 1727; x_wconf 80' lang='lat' dir='ltr'>fere</span> <span class='ocrx_word' id='word_1_380' title='bbox 837 1698 942 1727; x_wconf 88' lang='lat' dir='ltr'>animo</span> <span class='ocrx_word' id='word_1_381' title='bbox 967 1697 1091 1727; x_wconf 69' lang='lat' dir='ltr'>volvere</span> <span class='ocrx_word' id='word_1_382' title='bbox 1115 1697 1304 1735; x_wconf 62' lang='lat' dir='ltr'>lau-iamim,</span> <span class='ocrx_word' id='word_1_383' title='bbox 1335 1697 1419 1727; x_wconf 85' lang='lat' dir='ltr'>hune</span> <span class='ocrx_word' id='word_1_384' title='bbox 1451 1697 1533 1727; x_wconf 89' lang='lat' dir='ltr'>domi</span> <span class='ocrx_word' id='word_1_385' title='bbox 1567 1697 1715 1730; x_wconf 79' lang='lat' dir='ltr'>lectitare,</span> <span class='ocrx_word' id='word_1_386' title='bbox 1747 1697 1831 1727; x_wconf 79' lang='lat' dir='ltr'>lium·</span> 
     </span>
     <span class='ocr_line' id='line_1_33' title="bbox 171 1749 1829 1791; baseline -0.001 -11"><span class='ocrx_word' id='word_1_387' title='bbox 171 1749 246 1780; x_wconf 81' lang='lat' dir='ltr'>foris</span> <span class='ocrx_word' id='word_1_388' title='bbox 269 1750 357 1791; x_wconf 85' lang='lat' dir='ltr'>coepi</span> <span class='ocrx_word' id='word_1_389' title='bbox 381 1750 526 1780; x_wconf 81' lang='lat' dir='ltr'>comitem</span> <span class='ocrx_word' id='word_1_390' title='bbox 551 1749 716 1780; x_wconf 76' lang='lat' dir='ltr'>adsumere</span> <span class='ocrx_word' id='word_1_391' title='bbox 741 1759 845 1789; x_wconf 86' lang='lat' dir='ltr'>neque</span> <span class='ocrx_word' id='word_1_392' title='bbox 870 1750 956 1789; x_wconf 83' lang='lat' dir='ltr'>prius</span> <span class='ocrx_word' id='word_1_393' title='bbox 980 1749 1160 1789; x_wconf 62' lang='lat' dir='ltr'>conquievi.</span> <span class='ocrx_word' id='word_1_394' title='bbox 1185 1758 1281 1789; x_wconf 89' lang='lat' dir='ltr'>quam</span> <span class='ocrx_word' id='word_1_395' title='bbox 1308 1749 1524 1778; x_wconf 74' lang='lat' dir='ltr'>eonuneutarii</span> <span class='ocrx_word' id='word_1_396' title='bbox 1555 1749 1593 1779; x_wconf 87' lang='lat' dir='ltr'>dc</span> <span class='ocrx_word' id='word_1_397' title='bbox 1613 1760 1649 1779; x_wconf 87' lang='lat' dir='ltr'>eo</span> <span class='ocrx_word' id='word_1_398' title='bbox 1674 1749 1829 1779; x_wconf 68' lang='lat' dir='ltr'>scribendi</span> 
     </span>
     <span class='ocr_line' id='line_1_34' title="bbox 172 1800 1832 1841; baseline -0.001 -9"><span class='ocrx_word' id='word_1_399' title='bbox 172 1801 290 1832; x_wconf 77' lang='lat' dir='ltr'>factum</span> <span class='ocrx_word' id='word_1_400' title='bbox 320 1804 401 1833; x_wconf 86' lang='lat' dir='ltr'>esset</span> <span class='ocrx_word' id='word_1_401' title='bbox 432 1802 568 1832; x_wconf 88' lang='lat' dir='ltr'>initium.</span> <span class='ocrx_word' id='word_1_402' title='bbox 623 1802 770 1838; x_wconf 77' lang='lat' dir='ltr'>Quantus</span> <span class='ocrx_word' id='word_1_403' title='bbox 802 1805 868 1831; x_wconf 92' lang='lat' dir='ltr'>tum</span> <span class='ocrx_word' id='word_1_404' title='bbox 904 1801 1085 1841; x_wconf 65' lang='lat' dir='ltr'>incipientis</span> <span class='ocrx_word' id='word_1_405' title='bbox 1113 1801 1205 1831; x_wconf 84' lang='lat' dir='ltr'>ardor</span> <span class='ocrx_word' id='word_1_406' title='bbox 1232 1801 1336 1835; x_wconf 78' lang='lat' dir='ltr'>fuerit,</span> <span class='ocrx_word' id='word_1_407' title='bbox 1369 1800 1521 1841; x_wconf 79' lang='lat' dir='ltr'>quamdiu</span> <span class='ocrx_word' id='word_1_408' title='bbox 1553 1801 1582 1830; x_wconf 82' lang='lat' dir='ltr'>in</span> <span class='ocrx_word' id='word_1_409' title='bbox 1616 1806 1702 1831; x_wconf 86' lang='lat' dir='ltr'>tanta</span> <span class='ocrx_word' id='word_1_410' title='bbox 1739 1802 1832 1831; x_wconf 83' lang='lat' dir='ltr'>inter-</span> 
     </span>
     <span class='ocr_line' id='line_1_35' title="bbox 171 1852 1830 1895; baseline -0.001 -11"><span class='ocrx_word' id='word_1_411' title='bbox 171 1853 340 1895; x_wconf 79' lang='lat' dir='ltr'>pellatione</span> <span class='ocrx_word' id='word_1_412' title='bbox 375 1853 457 1884; x_wconf 90' lang='lat' dir='ltr'>idem</span> <span class='ocrx_word' id='word_1_413' title='bbox 495 1863 559 1884; x_wconf 89' lang='lat' dir='ltr'>uno</span> <span class='ocrx_word' id='word_1_414' title='bbox 591 1853 677 1884; x_wconf 81' lang='lat' dir='ltr'>velut</span> <span class='ocrx_word' id='word_1_415' title='bbox 708 1858 813 1885; x_wconf 83' lang='lat' dir='ltr'>tenore</span> <span class='ocrx_word' id='word_1_416' title='bbox 843 1853 1058 1894; x_wconf 79' lang='lat' dir='ltr'>permanserit,</span> <span class='ocrx_word' id='word_1_417' title='bbox 1094 1862 1143 1883; x_wconf 76' lang='lat' dir='ltr'>res</span> <span class='ocrx_word' id='word_1_418' title='bbox 1178 1853 1244 1893; x_wconf 74' lang='lat' dir='ltr'>ipsa</span> <span class='ocrx_word' id='word_1_419' title='bbox 1276 1852 1465 1882; x_wconf 65' lang='lat' dir='ltr'>‹lm-umento</span> <span class='ocrx_word' id='word_1_420' title='bbox 1496 1858 1550 1882; x_wconf 77' lang='lat' dir='ltr'>est.</span> <span class='ocrx_word' id='word_1_421' title='bbox 1610 1853 1830 1884; x_wconf 78' lang='lat' dir='ltr'>l’raevideram</span> 
     </span>
     <span class='ocr_line' id='line_1_36' title="bbox 173 1898 1829 1946; baseline -0.001 -10"><span class='ocrx_word' id='word_1_422' title='bbox 173 1908 278 1937; x_wconf 79' lang='lat' dir='ltr'>tamon</span> <span class='ocrx_word' id='word_1_423' title='bbox 301 1906 366 1936; x_wconf 81' lang='lat' dir='ltr'>fore</span> <span class='ocrx_word' id='word_1_424' title='bbox 390 1910 425 1936; x_wconf 86' lang='lat' dir='ltr'>ut</span> <span class='ocrx_word' id='word_1_425' title='bbox 449 1905 535 1941; x_wconf 80' lang='lat' dir='ltr'>milii,</span> <span class='ocrx_word' id='word_1_426' title='bbox 560 1905 591 1935; x_wconf 88' lang='lat' dir='ltr'>id</span> <span class='ocrx_word' id='word_1_427' title='bbox 617 1905 701 1946; x_wconf 88' lang='lat' dir='ltr'>quod</span> <span class='ocrx_word' id='word_1_428' title='bbox 725 1906 783 1936; x_wconf 80' lang='lat' dir='ltr'>tert</span> <span class='ocrx_word' id='word_1_429' title='bbox 806 1898 918 1935; x_wconf 85' lang='lat' dir='ltr'>natura</span> <span class='ocrx_word' id='word_1_430' title='bbox 948 1914 1016 1935; x_wconf 84' lang='lat' dir='ltr'>mea</span> <span class='ocrx_word' id='word_1_431' title='bbox 1046 1914 1107 1935; x_wconf 89' lang='lat' dir='ltr'>non</span> <span class='ocrx_word' id='word_1_432' title='bbox 1134 1905 1239 1935; x_wconf 71' lang='lat' dir='ltr'>liceret</span> <span class='ocrx_word' id='word_1_433' title='bbox 1268 1908 1331 1935; x_wconf 84' lang='lat' dir='ltr'>toto</span> <span class='ocrx_word' id='word_1_434' title='bbox 1356 1905 1412 1934; x_wconf 68' lang='lat' dir='ltr'>hoe</span> <span class='ocrx_word' id='word_1_435' title='bbox 1445 1904 1548 1935; x_wconf 82' lang='lat' dir='ltr'>labore</span> <span class='ocrx_word' id='word_1_436' title='bbox 1573 1915 1667 1945; x_wconf 90' lang='lat' dir='ltr'>quam</span> <span class='ocrx_word' id='word_1_437' title='bbox 1693 1906 1829 1946; x_wconf 85' lang='lat' dir='ltr'>primum</span> 
     </span>
     <span class='ocr_line' id='line_1_37' title="bbox 172 1956 1829 1999; baseline -0.001 -10"><span class='ocrx_word' id='word_1_438' title='bbox 172 1957 314 1999; x_wconf 79' lang='lat' dir='ltr'>defungi,</span> <span class='ocrx_word' id='word_1_439' title='bbox 338 1957 392 1988; x_wconf 85' lang='lat' dir='ltr'>sed</span> <span class='ocrx_word' id='word_1_440' title='bbox 417 1961 451 1988; x_wconf 88' lang='lat' dir='ltr'>ut</span> <span class='ocrx_word' id='word_1_441' title='bbox 476 1967 601 1997; x_wconf 77' lang='lat' dir='ltr'>cogerer</span> <span class='ocrx_word' id='word_1_442' title='bbox 624 1957 802 1987; x_wconf 74' lang='lat' dir='ltr'>diutissime</span> <span class='ocrx_word' id='word_1_443' title='bbox 826 1958 857 1987; x_wconf 91' lang='lat' dir='ltr'>in</span> <span class='ocrx_word' id='word_1_444' title='bbox 884 1967 947 1987; x_wconf 84' lang='lat' dir='ltr'>uno</span> <span class='ocrx_word' id='word_1_445' title='bbox 972 1958 1034 1988; x_wconf 80' lang='lat' dir='ltr'>fere</span> <span class='ocrx_word' id='word_1_446' title='bbox 1058 1957 1183 1987; x_wconf 81' lang='lat' dir='ltr'>haerere</span> <span class='ocrx_word' id='word_1_447' title='bbox 1211 1956 1357 1987; x_wconf 71' lang='lat' dir='ltr'>lau-iano.</span> <span class='ocrx_word' id='word_1_448' title='bbox 1404 1956 1515 1987; x_wconf 67' lang='lat' dir='ltr'>Juravi</span> <span class='ocrx_word' id='word_1_449' title='bbox 1541 1958 1638 1997; x_wconf 64' lang='lat' dir='ltr'>igitur</span> <span class='ocrx_word' id='word_1_450' title='bbox 1661 1967 1829 1997; x_wconf 88' lang='lat' dir='ltr'>nunquam</span> 
     </span>
     <span class='ocr_line' id='line_1_38' title="bbox 173 2009 1832 2049; baseline -0.001 -9"><span class='ocrx_word' id='word_1_451' title='bbox 173 2019 222 2041; x_wconf 83' lang='lat' dir='ltr'>me</span> <span class='ocrx_word' id='word_1_452' title='bbox 256 2010 499 2040; x_wconf 82' lang='lat' dir='ltr'>commissurum</span> <span class='ocrx_word' id='word_1_453' title='bbox 535 2019 620 2040; x_wconf 77' lang='lat' dir='ltr'>esse.</span> <span class='ocrx_word' id='word_1_454' title='bbox 665 2013 697 2039; x_wconf 90' lang='lat' dir='ltr'>ut</span> <span class='ocrx_word' id='word_1_455' title='bbox 734 2009 865 2040; x_wconf 86' lang='lat' dir='ltr'>Luciani</span> <span class='ocrx_word' id='word_1_456' title='bbox 908 2019 1003 2039; x_wconf 76' lang='lat' dir='ltr'>causa</span> <span class='ocrx_word' id='word_1_457' title='bbox 1039 2009 1135 2039; x_wconf 89' lang='lat' dir='ltr'>ullam</span> <span class='ocrx_word' id='word_1_458' title='bbox 1177 2009 1269 2039; x_wconf 80' lang='lat' dir='ltr'>ot&#39;ticii</span> <span class='ocrx_word' id='word_1_459' title='bbox 1315 2009 1520 2049; x_wconf 75' lang='lat' dir='ltr'>nuuwrisque</span> <span class='ocrx_word' id='word_1_460' title='bbox 1554 2015 1672 2049; x_wconf 81' lang='lat' dir='ltr'>partem</span> <span class='ocrx_word' id='word_1_461' title='bbox 1709 2009 1832 2039; x_wconf 73' lang='lat' dir='ltr'>viderer</span> 
     </span>
     <span class='ocr_line' id='line_1_39' title="bbox 173 2060 1830 2102; baseline -0.001 -10"><span class='ocrx_word' id='word_1_462' title='bbox 173 2061 360 2102; x_wconf 85' lang='lat' dir='ltr'>neglexisse.</span> <span class='ocrx_word' id='word_1_463' title='bbox 406 2061 499 2092; x_wconf 80' lang='lat' dir='ltr'>Hanc</span> <span class='ocrx_word' id='word_1_464' title='bbox 525 2071 620 2092; x_wconf 86' lang='lat' dir='ltr'>unam</span> <span class='ocrx_word' id='word_1_465' title='bbox 645 2061 770 2091; x_wconf 73' lang='lat' dir='ltr'>veniam</span> <span class='ocrx_word' id='word_1_466' title='bbox 794 2064 823 2092; x_wconf 85' lang='lat' dir='ltr'>et</span> <span class='ocrx_word' id='word_1_467' title='bbox 848 2062 938 2102; x_wconf 78' lang='lat' dir='ltr'>quasi</span> <span class='ocrx_word' id='word_1_468' title='bbox 963 2065 1173 2092; x_wconf 70' lang='lat' dir='ltr'>commeatum</span> <span class='ocrx_word' id='word_1_469' title='bbox 1197 2060 1236 2091; x_wconf 85' lang='lat' dir='ltr'>ab</span> <span class='ocrx_word' id='word_1_470' title='bbox 1261 2061 1366 2090; x_wconf 88' lang='lat' dir='ltr'>animo</span> <span class='ocrx_word' id='word_1_471' title='bbox 1392 2061 1567 2101; x_wconf 78' lang='lat' dir='ltr'>impetravi.</span> <span class='ocrx_word' id='word_1_472' title='bbox 1600 2065 1634 2091; x_wconf 91' lang='lat' dir='ltr'>ut</span> <span class='ocrx_word' id='word_1_473' title='bbox 1664 2061 1768 2091; x_wconf 69' lang='lat' dir='ltr'>liceret</span> <span class='ocrx_word' id='word_1_474' title='bbox 1793 2061 1830 2091; x_wconf 88' lang='lat' dir='ltr'>ad</span> 
     </span>
     <span class='ocr_line' id='line_1_40' title="bbox 174 2112 1830 2154; baseline -0.001 -10"><span class='ocrx_word' id='word_1_475' title='bbox 174 2122 276 2144; x_wconf 85' lang='lat' dir='ltr'>novas</span> <span class='ocrx_word' id='word_1_476' title='bbox 300 2113 382 2144; x_wconf 87' lang='lat' dir='ltr'>vires</span> <span class='ocrx_word' id='word_1_477' title='bbox 405 2113 597 2153; x_wconf 83' lang='lat' dir='ltr'>colligendas</span> <span class='ocrx_word' id='word_1_478' title='bbox 621 2113 730 2143; x_wconf 79' lang='lat' dir='ltr'>abhoc</span> <span class='ocrx_word' id='word_1_479' title='bbox 755 2113 858 2144; x_wconf 87' lang='lat' dir='ltr'>labore</span> <span class='ocrx_word' id='word_1_480' title='bbox 882 2113 1077 2154; x_wconf 84' lang='lat' dir='ltr'>aliquamdiu</span> <span class='ocrx_word' id='word_1_481' title='bbox 1096 2113 1258 2153; x_wconf 83' lang='lat' dir='ltr'>respirare.</span> <span class='ocrx_word' id='word_1_482' title='bbox 1300 2112 1347 2143; x_wconf 82' lang='lat' dir='ltr'>Ita</span> <span class='ocrx_word' id='word_1_483' title='bbox 1366 2113 1508 2143; x_wconf 87' lang='lat' dir='ltr'>omnium</span> <span class='ocrx_word' id='word_1_484' title='bbox 1523 2112 1653 2143; x_wconf 83' lang='lat' dir='ltr'>Luciani</span> <span class='ocrx_word' id='word_1_485' title='bbox 1680 2112 1830 2143; x_wconf 87' lang='lat' dir='ltr'>librorum</span> 
     </span>
     <span class='ocr_line' id='line_1_41' title="bbox 171 2164 1830 2206; baseline -0.001 -10"><span class='ocrx_word' id='word_1_486' title='bbox 171 2164 357 2196; x_wconf 81' lang='lat' dir='ltr'>recensendi</span> <span class='ocrx_word' id='word_1_487' title='bbox 381 2165 549 2196; x_wconf 86' lang='lat' dir='ltr'>consilium</span> <span class='ocrx_word' id='word_1_488' title='bbox 574 2165 704 2195; x_wconf 83' lang='lat' dir='ltr'>minime</span> <span class='ocrx_word' id='word_1_489' title='bbox 728 2165 838 2204; x_wconf 71' lang='lat' dir='ltr'>abjeci.</span> <span class='ocrx_word' id='word_1_490' title='bbox 863 2165 916 2196; x_wconf 78' lang='lat' dir='ltr'>sed</span> <span class='ocrx_word' id='word_1_491' title='bbox 940 2165 1035 2196; x_wconf 87' lang='lat' dir='ltr'>finem</span> <span class='ocrx_word' id='word_1_492' title='bbox 1059 2165 1155 2205; x_wconf 81' lang='lat' dir='ltr'>liujus</span> <span class='ocrx_word' id='word_1_493' title='bbox 1180 2165 1283 2205; x_wconf 80' lang='lat' dir='ltr'>operis</span> <span class='ocrx_word' id='word_1_494' title='bbox 1307 2166 1461 2196; x_wconf 72' lang='lat' dir='ltr'>senectuti</span> <span class='ocrx_word' id='word_1_495' title='bbox 1485 2175 1572 2196; x_wconf 83' lang='lat' dir='ltr'>meae</span> <span class='ocrx_word' id='word_1_496' title='bbox 1589 2166 1726 2206; x_wconf 70' lang='lat' dir='ltr'>seposui,</span> <span class='ocrx_word' id='word_1_497' title='bbox 1749 2175 1830 2206; x_wconf 85' lang='lat' dir='ltr'>quae</span> 
     </span>
     <span class='ocr_line' id='line_1_42' title="bbox 173 2216 1830 2258; baseline 0.001 -10"><span class='ocrx_word' id='word_1_498' title='bbox 173 2217 198 2248; x_wconf 89' lang='lat' dir='ltr'>si</span> <span class='ocrx_word' id='word_1_499' title='bbox 223 2217 366 2248; x_wconf 89' lang='lat' dir='ltr'>nondum</span> <span class='ocrx_word' id='word_1_500' title='bbox 391 2220 491 2258; x_wconf 76' lang='lat' dir='ltr'>urget,</span> <span class='ocrx_word' id='word_1_501' title='bbox 521 2221 551 2248; x_wconf 82' lang='lat' dir='ltr'>at</span> <span class='ocrx_word' id='word_1_502' title='bbox 574 2221 656 2248; x_wconf 78' lang='lat' dir='ltr'>certe</span> <span class='ocrx_word' id='word_1_503' title='bbox 677 2218 739 2256; x_wconf 84' lang='lat' dir='ltr'>jam</span> <span class='ocrx_word' id='word_1_504' title='bbox 761 2218 891 2257; x_wconf 84' lang='lat' dir='ltr'>jamque</span> <span class='ocrx_word' id='word_1_505' title='bbox 915 2217 1072 2248; x_wconf 76' lang='lat' dir='ltr'>adventat.</span> <span class='ocrx_word' id='word_1_506' title='bbox 1119 2216 1238 2254; x_wconf 83' lang='lat' dir='ltr'>Quodsi</span> <span class='ocrx_word' id='word_1_507' title='bbox 1272 2227 1386 2257; x_wconf 81' lang='lat' dir='ltr'>magna</span> <span class='ocrx_word' id='word_1_508' title='bbox 1410 2217 1479 2248; x_wconf 82' lang='lat' dir='ltr'>licet</span> <span class='ocrx_word' id='word_1_509' title='bbox 1505 2227 1691 2258; x_wconf 67' lang='lat' dir='ltr'>componere</span> <span class='ocrx_word' id='word_1_510' title='bbox 1715 2218 1830 2258; x_wconf 75' lang='lat' dir='ltr'>parvis,</span> 
     </span>
     <span class='ocr_line' id='line_1_43' title="bbox 174 2269 1831 2310; baseline -0.001 -10"><span class='ocrx_word' id='word_1_511' title='bbox 174 2269 209 2300; x_wconf 85' lang='lat' dir='ltr'>G.</span> <span class='ocrx_word' id='word_1_512' title='bbox 223 2269 430 2300; x_wconf 84' lang='lat' dir='ltr'>Hermannus</span> <span class='ocrx_word' id='word_1_513' title='bbox 454 2269 529 2300; x_wconf 92' lang='lat' dir='ltr'>olim</span> <span class='ocrx_word' id='word_1_514' title='bbox 553 2270 620 2310; x_wconf 80' lang='lat' dir='ltr'>ipse</span> <span class='ocrx_word' id='word_1_515' title='bbox 644 2280 772 2310; x_wconf 85' lang='lat' dir='ltr'>quoque</span> <span class='ocrx_word' id='word_1_516' title='bbox 793 2271 910 2307; x_wconf 69' lang='lat' dir='ltr'>justam</span> <span class='ocrx_word' id='word_1_517' title='bbox 935 2270 1104 2300; x_wconf 80' lang='lat' dir='ltr'>editionem</span> <span class='ocrx_word' id='word_1_518' title='bbox 1119 2269 1267 2308; x_wconf 66' lang='lat' dir='ltr'>Aeschyli</span> <span class='ocrx_word' id='word_1_519' title='bbox 1293 2270 1390 2299; x_wconf 76' lang='lat' dir='ltr'>totius</span> <span class='ocrx_word' id='word_1_520' title='bbox 1413 2269 1452 2299; x_wconf 85' lang='lat' dir='ltr'>ad</span> <span class='ocrx_word' id='word_1_521' title='bbox 1473 2274 1667 2300; x_wconf 77' lang='lat' dir='ltr'>senectutem</span> <span class='ocrx_word' id='word_1_522' title='bbox 1693 2279 1831 2299; x_wconf 81' lang='lat' dir='ltr'>reserva-</span> 
     </span>
     <span class='ocr_line' id='line_1_44' title="bbox 172 2321 1828 2362; baseline -0.001 -10"><span class='ocrx_word' id='word_1_523' title='bbox 172 2325 267 2353; x_wconf 81' lang='lat' dir='ltr'>verat.</span> <span class='ocrx_word' id='word_1_524' title='bbox 313 2321 460 2353; x_wconf 82' lang='lat' dir='ltr'>Ceterum</span> <span class='ocrx_word' id='word_1_525' title='bbox 484 2321 521 2352; x_wconf 84' lang='lat' dir='ltr'>de</span> <span class='ocrx_word' id='word_1_526' title='bbox 545 2321 703 2362; x_wconf 87' lang='lat' dir='ltr'>plerisque</span> <span class='ocrx_word' id='word_1_527' title='bbox 727 2321 858 2352; x_wconf 86' lang='lat' dir='ltr'>Luciani</span> <span class='ocrx_word' id='word_1_528' title='bbox 884 2321 1026 2361; x_wconf 74' lang='lat' dir='ltr'>dialogis,</span> <span class='ocrx_word' id='word_1_529' title='bbox 1058 2332 1137 2362; x_wconf 90' lang='lat' dir='ltr'>quos</span> <span class='ocrx_word' id='word_1_530' title='bbox 1170 2321 1299 2362; x_wconf 84' lang='lat' dir='ltr'>quidem</span> <span class='ocrx_word' id='word_1_531' title='bbox 1329 2321 1432 2352; x_wconf 81' lang='lat' dir='ltr'>adhuc</span> <span class='ocrx_word' id='word_1_532' title='bbox 1456 2321 1629 2361; x_wconf 73' lang='lat' dir='ltr'>evulgarim</span> <span class='ocrx_word' id='word_1_533' title='bbox 1660 2325 1689 2351; x_wconf 88' lang='lat' dir='ltr'>et</span> <span class='ocrx_word' id='word_1_534' title='bbox 1713 2321 1828 2351; x_wconf 78' lang='lat' dir='ltr'>summi</span> 
     </span>
     <span class='ocr_line' id='line_1_45' title="bbox 174 2373 1829 2414; baseline -0.001 -10"><span class='ocrx_word' id='word_1_535' title='bbox 174 2373 303 2414; x_wconf 75' lang='lat' dir='ltr'>quidam</span> <span class='ocrx_word' id='word_1_536' title='bbox 332 2374 430 2405; x_wconf 85' lang='lat' dir='ltr'>critici</span> <span class='ocrx_word' id='word_1_537' title='bbox 460 2373 547 2404; x_wconf 80' lang='lat' dir='ltr'>velut</span> <span class='ocrx_word' id='word_1_538' title='bbox 576 2373 713 2404; x_wconf 79' lang='lat' dir='ltr'>Cobotus</span> <span class='ocrx_word' id='word_1_539' title='bbox 741 2378 836 2414; x_wconf 86' lang='lat' dir='ltr'>atque</span> <span class='ocrx_word' id='word_1_540' title='bbox 868 2373 1048 2414; x_wconf 76' lang='lat' dir='ltr'>Madvigius</span> <span class='ocrx_word' id='word_1_541' title='bbox 1079 2373 1256 2414; x_wconf 84' lang='lat' dir='ltr'>complures</span> <span class='ocrx_word' id='word_1_542' title='bbox 1284 2378 1391 2414; x_wconf 84' lang='lat' dir='ltr'>postea</span> <span class='ocrx_word' id='word_1_543' title='bbox 1421 2374 1618 2412; x_wconf 77' lang='lat' dir='ltr'>conjecturas</span> <span class='ocrx_word' id='word_1_544' title='bbox 1647 2373 1829 2404; x_wconf 83' lang='lat' dir='ltr'>adtulerunt</span> 
     </span>
     <span class='ocr_line' id='line_1_46' title="bbox 173 2424 1828 2467; baseline 0 -12"><span class='ocrx_word' id='word_1_545' title='bbox 173 2427 204 2456; x_wconf 80' lang='lat' dir='ltr'>et</span> <span class='ocrx_word' id='word_1_546' title='bbox 222 2425 358 2465; x_wconf 81' lang='lat' dir='ltr'>juvenes</span> <span class='ocrx_word' id='word_1_547' title='bbox 381 2426 457 2457; x_wconf 83' lang='lat' dir='ltr'>adeo</span> <span class='ocrx_word' id='word_1_548' title='bbox 482 2426 558 2466; x_wconf 91' lang='lat' dir='ltr'>quid</span> <span class='ocrx_word' id='word_1_549' title='bbox 584 2427 615 2456; x_wconf 91' lang='lat' dir='ltr'>in</span> <span class='ocrx_word' id='word_1_550' title='bbox 640 2435 672 2456; x_wconf 84' lang='lat' dir='ltr'>re</span> <span class='ocrx_word' id='word_1_551' title='bbox 695 2426 801 2456; x_wconf 77' lang='lat' dir='ltr'>critica</span> <span class='ocrx_word' id='word_1_552' title='bbox 820 2427 885 2465; x_wconf 80' lang='lat' dir='ltr'>jam</span> <span class='ocrx_word' id='word_1_553' title='bbox 911 2435 996 2456; x_wconf 81' lang='lat' dir='ltr'>nunc</span> <span class='ocrx_word' id='word_1_554' title='bbox 1020 2430 1147 2467; x_wconf 77' lang='lat' dir='ltr'>possent</span> <span class='ocrx_word' id='word_1_555' title='bbox 1172 2436 1234 2456; x_wconf 88' lang='lat' dir='ltr'>non</span> <span class='ocrx_word' id='word_1_556' title='bbox 1260 2425 1341 2456; x_wconf 86' lang='lat' dir='ltr'>male</span> <span class='ocrx_word' id='word_1_557' title='bbox 1371 2426 1492 2466; x_wconf 82' lang='lat' dir='ltr'>experti</span> <span class='ocrx_word' id='word_1_558' title='bbox 1517 2431 1600 2456; x_wconf 85' lang='lat' dir='ltr'>suut.</span> <span class='ocrx_word' id='word_1_559' title='bbox 1660 2424 1748 2461; x_wconf 78' lang='lat' dir='ltr'>Quae</span> <span class='ocrx_word' id='word_1_560' title='bbox 1771 2434 1828 2465; x_wconf 75' lang='lat' dir='ltr'>ego</span> 
     </span>
     <span class='ocr_line' id='line_1_47' title="bbox 173 2476 1829 2519; baseline -0.001 -11"><span class='ocrx_word' id='word_1_561' title='bbox 173 2481 241 2508; x_wconf 88' lang='lat' dir='ltr'>tum</span> <span class='ocrx_word' id='word_1_562' title='bbox 265 2477 382 2519; x_wconf 84' lang='lat' dir='ltr'>perlegi</span> <span class='ocrx_word' id='word_1_563' title='bbox 405 2478 509 2509; x_wconf 83' lang='lat' dir='ltr'>omnia</span> <span class='ocrx_word' id='word_1_564' title='bbox 533 2481 601 2508; x_wconf 90' lang='lat' dir='ltr'>tum</span> <span class='ocrx_word' id='word_1_565' title='bbox 621 2488 689 2508; x_wconf 87' lang='lat' dir='ltr'>meo</span> <span class='ocrx_word' id='word_1_566' title='bbox 710 2478 830 2517; x_wconf 82' lang='lat' dir='ltr'>judicio</span> <span class='ocrx_word' id='word_1_567' title='bbox 855 2478 1036 2519; x_wconf 82' lang='lat' dir='ltr'>interposito</span> <span class='ocrx_word' id='word_1_568' title='bbox 1062 2477 1209 2518; x_wconf 77' lang='lat' dir='ltr'>pleraque</span> <span class='ocrx_word' id='word_1_569' title='bbox 1233 2477 1352 2518; x_wconf 79' lang='lat' dir='ltr'>collegi.</span> <span class='ocrx_word' id='word_1_570' title='bbox 1399 2477 1472 2518; x_wconf 83' lang='lat' dir='ltr'>Ipse</span> <span class='ocrx_word' id='word_1_571' title='bbox 1495 2487 1567 2507; x_wconf 75' lang='lat' dir='ltr'>vero</span> <span class='ocrx_word' id='word_1_572' title='bbox 1597 2476 1694 2507; x_wconf 88' lang='lat' dir='ltr'>multa</span> <span class='ocrx_word' id='word_1_573' title='bbox 1720 2476 1829 2511; x_wconf 71' lang='lat' dir='ltr'>liabeo,</span> 
     </span>
     <span class='ocr_line' id='line_1_48' title="bbox 173 2528 1827 2571; baseline -0.001 -11"><span class='ocrx_word' id='word_1_574' title='bbox 173 2538 255 2570; x_wconf 85' lang='lat' dir='ltr'>quae</span> <span class='ocrx_word' id='word_1_575' title='bbox 278 2529 351 2560; x_wconf 83' lang='lat' dir='ltr'>addi</span> <span class='ocrx_word' id='word_1_576' title='bbox 374 2529 505 2561; x_wconf 87' lang='lat' dir='ltr'>editioni</span> <span class='ocrx_word' id='word_1_577' title='bbox 528 2539 615 2561; x_wconf 84' lang='lat' dir='ltr'>meae</span> <span class='ocrx_word' id='word_1_578' title='bbox 639 2540 726 2561; x_wconf 86' lang='lat' dir='ltr'>nunc</span> <span class='ocrx_word' id='word_1_579' title='bbox 751 2530 856 2569; x_wconf 76' lang='lat' dir='ltr'>velim,</span> <span class='ocrx_word' id='word_1_580' title='bbox 881 2540 961 2571; x_wconf 85' lang='lat' dir='ltr'>quae</span> <span class='ocrx_word' id='word_1_581' title='bbox 985 2533 1090 2561; x_wconf 84' lang='lat' dir='ltr'>autem</span> <span class='ocrx_word' id='word_1_582' title='bbox 1122 2530 1246 2570; x_wconf 74' lang='lat' dir='ltr'>corrigi,</span> <span class='ocrx_word' id='word_1_583' title='bbox 1276 2529 1375 2560; x_wconf 85' lang='lat' dir='ltr'>habco</span> <span class='ocrx_word' id='word_1_584' title='bbox 1407 2529 1578 2560; x_wconf 85' lang='lat' dir='ltr'>admodum</span> <span class='ocrx_word' id='word_1_585' title='bbox 1611 2538 1720 2569; x_wconf 82' lang='lat' dir='ltr'>pauca.</span> <span class='ocrx_word' id='word_1_586' title='bbox 1767 2528 1827 2559; x_wconf 84' lang='lat' dir='ltr'>Sed</span> 
     </span>
     <span class='ocr_line' id='line_1_49' title="bbox 172 2580 1828 2623; baseline -0.001 -11"><span class='ocrx_word' id='word_1_587' title='bbox 172 2590 242 2612; x_wconf 79' lang='lat' dir='ltr'>mea</span> <span class='ocrx_word' id='word_1_588' title='bbox 272 2581 373 2622; x_wconf 88' lang='lat' dir='ltr'>ipsius</span> <span class='ocrx_word' id='word_1_589' title='bbox 401 2585 431 2613; x_wconf 83' lang='lat' dir='ltr'>ot</span> <span class='ocrx_word' id='word_1_590' title='bbox 458 2582 591 2613; x_wconf 82' lang='lat' dir='ltr'>aliorum</span> <span class='ocrx_word' id='word_1_591' title='bbox 615 2582 827 2613; x_wconf 79' lang='lat' dir='ltr'>additamenta</span> <span class='ocrx_word' id='word_1_592' title='bbox 858 2593 931 2613; x_wconf 85' lang='lat' dir='ltr'>mox</span> <span class='ocrx_word' id='word_1_593' title='bbox 964 2582 1231 2623; x_wconf 76' lang='lat' dir='ltr'>quenuidmodum</span> <span class='ocrx_word' id='word_1_594' title='bbox 1261 2591 1351 2622; x_wconf 81' lang='lat' dir='ltr'>spero</span> <span class='ocrx_word' id='word_1_595' title='bbox 1383 2582 1489 2612; x_wconf 84' lang='lat' dir='ltr'>omnia</span> <span class='ocrx_word' id='word_1_596' title='bbox 1518 2581 1578 2611; x_wconf 84' lang='lat' dir='ltr'>alio</span> <span class='ocrx_word' id='word_1_597' title='bbox 1603 2580 1669 2611; x_wconf 88' lang='lat' dir='ltr'>loco</span> <span class='ocrx_word' id='word_1_598' title='bbox 1694 2581 1828 2621; x_wconf 82' lang='lat' dir='ltr'>proferre</span> 
     </span>
     <span class='ocr_line' id='line_1_50' title="bbox 172 2632 1828 2675; baseline -0.001 -11"><span class='ocrx_word' id='word_1_599' title='bbox 172 2632 286 2664; x_wconf 85' lang='lat' dir='ltr'>licebit.</span> <span class='ocrx_word' id='word_1_600' title='bbox 330 2632 427 2664; x_wconf 87' lang='lat' dir='ltr'>Nunc</span> <span class='ocrx_word' id='word_1_601' title='bbox 456 2634 541 2664; x_wconf 90' lang='lat' dir='ltr'>enim</span> <span class='ocrx_word' id='word_1_602' title='bbox 565 2635 656 2675; x_wconf 84' lang='lat' dir='ltr'>spatii</span> <span class='ocrx_word' id='word_1_603' title='bbox 689 2635 763 2665; x_wconf 78' lang='lat' dir='ltr'>huic</span> <span class='ocrx_word' id='word_1_604' title='bbox 795 2634 1063 2675; x_wconf 71' lang='lat' dir='ltr'>praetutium-ulae</span> <span class='ocrx_word' id='word_1_605' title='bbox 1097 2635 1238 2665; x_wconf 80' lang='lat' dir='ltr'>concessi</span> <span class='ocrx_word' id='word_1_606' title='bbox 1274 2635 1441 2674; x_wconf 68' lang='lat' dir='ltr'>angustiae</span> <span class='ocrx_word' id='word_1_607' title='bbox 1476 2636 1594 2673; x_wconf 78' lang='lat' dir='ltr'>cogunt</span> <span class='ocrx_word' id='word_1_608' title='bbox 1629 2633 1660 2663; x_wconf 92' lang='lat' dir='ltr'>in</span> <span class='ocrx_word' id='word_1_609' title='bbox 1696 2632 1828 2674; x_wconf 84' lang='lat' dir='ltr'>dialogis</span> 
     </span>
     <span class='ocr_line' id='line_1_51' title="bbox 172 2685 725 2727; baseline 0.004 -12"><span class='ocrx_word' id='word_1_610' title='bbox 172 2685 352 2726; x_wconf 87' lang='lat' dir='ltr'>nuperrime</span> <span class='ocrx_word' id='word_1_611' title='bbox 375 2685 425 2717; x_wconf 89' lang='lat' dir='ltr'>edi</span> <span class='ocrx_word' id='word_1_612' title='bbox 448 2687 567 2727; x_wconf 80' lang='lat' dir='ltr'>coeptis</span> <span class='ocrx_word' id='word_1_613' title='bbox 590 2696 725 2727; x_wconf 79' lang='lat' dir='ltr'>pergere.</span> 
     </span>
    </p>
   </div>
  </div>
 </body>
</html>
